@book{russell2009artificial,
  title={Artificial intelligence: a modern approach 3rd Edition)},
  author={Russell, Stuart J and Norvig, Peter},
  year={2009},
  publisher={Malaysia; Pearson Education Limited,}
}
@misc{jmcai,
  title={WHAT IS ARTIFICIAL INTELLIGENCE?},
  author={John McCarthy},
url={http://www-formal.stanford.edu/jmc/whatisai/node1.html},
  year={2007}
}
@article{jfai,
  title={Artificial Intelligence (AI)},
  author={Jake Frankenfield},
url={https://www.investopedia.com/terms/a/artificial-intelligence-ai.asp},
  year={2021}
}
@misc{kb13vic,
  title={ Kecerdasan Buatan},
  author={Victor Amrizal and Qurrotul Aini},
  year={2013},
url={https://repository.uinjkt.ac.id/dspace/handle/123456789/44538},
  publisher={Halaman Moeka Publishing}
}
